% This file was created with JabRef 2.10.
% Encoding: Cp1252


@Electronic{Council2016,
  Title                    = {Leicestershire County Council: Highway Requirements Part 3 - Design guidance},
  Author                   = {Leicestershire County Council},
  Url                      = {http://www.leics.gov.uk/index/htd/highway_req_development_part3.htm},
  Year                     = {2016},

  Owner                    = {Alwlyan},
  Timestamp                = {2016.03.30}
}

@Article{Hawick2009,
  Title                    = {A Review of Traffic Simulation Software},
  Author                   = {G. Kotusevski K.A. Hawick},
  Journal                  = {Res. Lett. Inf. Math. Sci},
  Year                     = {2009},
  Pages                    = {35-34},
  Volume                   = {13}
}

@Electronic{Ismail2012,
  Title                    = {Comparison of the two micro-simulation software AIMSUN \& SUMO for highway traffic modelling},
  Author                   = {Aju Ronaldo Taufiq Ismail},
  Organization             = {Linköping University},
  Year                     = {2012}
}

@Electronic{Oracle2004,
  Title                    = {Vararg},
  Author                   = {Oracle},
  Url                      = {https://docs.oracle.com/javase/1.5.0/docs/guide/language/varargs.html},
  Year                     = {2004}
}

@Electronic{Oracle1995,
  Title                    = {The Java\textsuperscript{TM} Tutorials: Autoboxing and Unboxing},
  Author                   = {Oracle},
  Url                      = {https://docs.oracle.com/javase/tutorial/java/data/autoboxing.html},
  Year                     = {1995}
}

@Electronic{Peterson2015,
  Title                    = {What is Kanban},
  Author                   = {David Peterson},
  Url                      = {http://kanbanblog.com/explained/},
  Year                     = {2015},

  Owner                    = {Alwlyan},
  Timestamp                = {2016.03.29}
}

@Electronic{Radig2016,
  Title                    = {A brief introduction to kanban},
  Author                   = {Dan Radigan},
  Url                      = {https://www.atlassian.com/agile/kanban},
  Year                     = {2016},

  Owner                    = {Alwlyan},
  Timestamp                = {2016.03.29}
}

@Electronic{Shires2006,
  Title                    = {REVIEW OF PUBLIC TRANSPORT MODELS},
  Author                   = {J.D. Shires},
  Note                     = {Appendix B},
  Organization             = {University of Leeds},
  Year                     = {2006}
}

@Electronic{TransportResearchattheGermanAerospaceCentre2016,
  Title                    = {SUMO – Simulation of Urban MObility},
  Author                   = {The Institute of Transport Research at the German Aerospace Centre},
  Organization             = {Institute of Transportation Systems},
  Url                      = {http://www.dlr.de/ts/en/desktopdefault.aspx/tabid-9883/16931_read-41000/},
  Year                     = {2016}
}

