% This file was created with JabRef 2.10.
% Encoding: Cp1252


@Article{Schreckenberg,
  Title                    = {A cellular automaton model for freeway traffic},
  Author                   = {K. Nagel and M. Schreckenberg},
  Journal                  = {Journal de Physique I 2},
  Year                     = {1992},

  Month                    = {December},
  Pages                    = {2221-2229},

  Owner                    = {Alwlyan},
  Timestamp                = {2016.02.02}
},

@Article{Ahmed,
 Title = {Kanban in software development: A systematic literature review},
 Author = {M.O. Ahmad and J. Markkula and M. Oivo},
 Journal = {Software Engineering and Advanced Applications (SEAA),  39th EUROMICRO Conference on}, 
 Year = {2013},
 Pages = {9-15}
}
